
@online{bib1,
    author = {{JSON Web Token}},
    title = {JSON Web Token มาตรฐานใหม่ ในการทำ Authentication},
    date = {11},
    month = {March},
    year = {2018},
    url = {}
}

@online{bib2,
    author = {{Routing}},
    title = {Routing Protocol},
    date = {11},
    month = {March},
    year = {2018},
    url = {http://www.jodoi.org/router%20protocal.html}
}
@online{bib3,
    author = {{Express}},
    title = {Express - Node.js web application framework},
    date = {11},
    month = {March},
    year = {2018},
    url = {https://expressjs.com/}
}
@online{bib4,
    author = {{Contours}},
    title = {OpenCV: Contours : Getting Started},
    date = {12},
    month = {March},
    year = {2018},
    url = {https://docs.opencv.org/ref/master/d4/d73/tutorial_py_contours_begin.html}
}
@online{bib5,
    author = {{Canny Edge}},
    title = {OpenCV: Canny Edge Detection},
    date = {12},
    month = {March},
    year = {2018},
    url = {https://docs.opencv.org/ref/master/da/d22/tutorial_py_canny.html}
}
@online{bib6,
    author = {{WebView}},
    title = {JavaScript in WebView},
    date = {15},
    month = {March},
    year = {2018},
    url = {https://medium.com/@_trw/javascript-in-webview-android-9e200637c5}
}
@online{bib7,
    author = {{MySQL}},
    title = {เกี่ยวกัับ MySQL},
    date = {15},
    month = {March},
    year = {2018},
    url = {http://th.easyhostdomain.com/dedicated-servers/mysql.html}
}
@online{bib8,
    author = {{Nginx}},
    title = {Nginx},
    date = {15},
    month = {March},
    year = {2018},
    url = {http://www.softmelt.com/article.php?id=631}
}
@online{bib9,
    author = {{Docker}},
    title = {ทำความรู้จัก Docker},
    date = {15},
    month = {March},
    year = {2018},
    url = {https://www.hostpacific.com/using-docker-on-centos7/}
}
@online{bib10,
    author = {{Navigating Lifecycle Events}},
    title = {Navigating Lifecycle Events},
    date = {28},
    month = {March},
    year = {2018},
    url = {https://blog.ionicframework.com/navigating-lifecycle-events/}
}
@online{bib11,
    author = {{Native Application}},
    title = {Native Application},
    date = {15},
    month = {April},
    year = {2018},
    url = {http://www.mindphp.com}
}
@online{bib12,
    author = {{Web Application}},
    title = {What is a web application (or "webapp")?},
    date = {15},
    month = {April},
    year = {2018},
    url = {http://www.jguru.com/faq/view.jsp?EID=129328}
}
@online{bib13,
    author = {{Drug Identification Database}},
    title = {Drug Identification Database | ฐานข้อมูลการพิสูจน์เอกลักษณ์ยาเม็ดและแคปซูลในประเทศไทย โดย คณะเภสัชศาสตร์ มหาวิทยาลัยอุบลราชธานี},
    date = {15},
    month = {April},
    year = {2018},
    url = {http://www.drugiden.ubu.ac.th/}
}
@online{bib14,
    author = {{TCP/IP}},
    title = {Transmission Control Protocol/Internet Protocol},
    date = {15},
    month = {April},
    year = {2018},
    url = {https://www.ibm.com/support/knowledgecenter/th/ssw_aix_61/com.ibm.aix.networkcomm/tcpip_intro.htm}
}
@online{bib15,
    author = {{Docker Hub}},
    title = {Docker Hub},
    date = {15},
    month = {April},
    year = {2018},
    url = {https://hub.docker.com/}
}
@online{bib16,
    author = {{Ionic Framework}},
    title = {Build Amazing Native Apps and Progressive Web Apps with Ionic Framework and Angular},
    date = {15},
    month = {April},
    year = {2018},
    url = {https://ionicframework.com/}
}
@online{bib17,
    author = {{Ubuntu}},
    title = {The leading operating system for PCs, IoT devices, servers and the cloud | Ubuntu},
    date = {17},
    month = {April},
    year = {2018},
    url = {https://www.ubuntu.com/}
}
@online{bib18,
    author = {{Nearest Neighbors}},
    title = {Nearest Neighbors scikit-learn 0.19.1 documentatio},
    date = {17},
    month = {April},
    year = {2018},
    url = {http://scikit-learn.org/stable/modules/neighbors.html}
}
@online{bib19,
    author = {{RandomForestClassifier}},
    title = {RandomForestClassifier scikit-learn 0.19.1 documentation},
    date = {17},
    month = {April},
    year = {2018},
    url = {http://scikit-learn.org/stable/modules/generated/sklearn.ensemble.RandomForestClassifier.html}
}
@online{bib20,
    author = {{บัญญัติไตรยางค์}},
    title = {บัญญัติไตรยางค์},
    date = {17},
    month = {April},
    year = {2018},
    url = {http://www.rooruepao.com/บัญญัติไตรยางค์-ตอนที่-1}
}
