@online{WolframForier,
author = {Weisstein, Eric W.},
title = {{ ``Fourier Transform.'' From MathWorld--A Wolfram Web Resource}},
date = {2015-07-24},
url = {http://mathworld.wolfram.com/FourierTransform.html},
}
